% Use this file for citations not found in the ACL Anthology (contained in "anthology.bib").

@inproceedings{andrew2007scalable,
  title={Scalable training of {$L_1$}-regularized log-linear models},
  author={Andrew, Galen and Gao, Jianfeng},
  booktitle={Proceedings of the 24th International Conference on Machine Learning},
  pages={33--40},
  year={2007},
  url={https://dl.acm.org/doi/abs/10.1145/1273496.1273501}
}

@book{Gusfield:97,
    author  = {Dan Gusfield},
    title   = {Algorithms on Strings, Trees and Sequences},
    year    = "1997",
    publisher = {Cambridge University Press},
    address = {Cambridge, UK},
    url={https://www.cambridge.org/core/books/algorithms-on-strings-trees-and-sequences/F0B095049C7E6EF5356F0A26686C20D3}
}

@article{Ando2005,
	Acmid = {1194905},
	Author = {Ando, Rie Kubota and Zhang, Tong},
	Issn = {1532-4435},
	Issue_Date = {12/1/2005},
	Journal = {Journal of Machine Learning Research},
	Month = dec,
	Numpages = {37},
	Pages = {1817--1853},
	Publisher = {JMLR.org},
	Title = {A Framework for Learning Predictive Structures from Multiple Tasks and Unlabeled Data},
	Volume = {6},
	Year = {2005},
  doi = "10.1145/322234.322243",
	url={https://www.jmlr.org/papers/volume6/ando05a/ando05a.pdf}
}

@inproceedings{hs2022,
  title={From Ro{BERT}a to a{LEX}a: Automated Legal Expert Arbitrator for Neural Legal Judgment Prediction},
  author={Haas, Lukas and Skreta, Michal},
  booktitle={Stanford CS224N Custom Project Final Report},
  year={2022},
  url={https://web.stanford.edu/class/archive/cs/cs224n/cs224n.1224/reports/custom_116826881.pdf}
}
